@misc{dwave_portfolio,
  author       = {{D-Wave Systems}},
  title        = {Portfolio Optimization using D-Wave},
  year         = {2021},
  url          = {https://github.com/dwave-examples/portfolio-optimization/tree/main},
  note         = {Accessed: 2025-03-23}
}

@misc{qiskit_portfolio,
  author       = {{Qiskit Finance}},
  title        = {Portfolio Optimization - Qiskit Finance},
  year         = {2024},
  url          = {https://qiskit-community.github.io/qiskit-finance/tutorials/01_portfolio_optimization.html},
  note         = {Accessed: 2025-03-23}
}

@misc{Invesco_QQQ,
  author       = {{Invesco}},
  title        = {Invesco QQQ ETF},
  year         = {2025},
  url          = {https://www.invesco.com/qqq-etf/en/home.html},
  note         = {Accessed: 2025-03-23}
}

@misc{Vanguard_VOO,
  author       = {{Vanguard}},
  title        = {VOO Vanguard S\&P 500 ETF},
  year         = {2025},
  url          = {https://investor.vanguard.com/investment-products/etfs/profile/voo},
  note         = {Accessed: 2025-03-23}
}

@misc{Qiskit_Optimization_API,
  author       = {{Qiskit Optimization Development Team}},
  title        = {Qiskit Optimization API Reference},
  year         = {2025},
  url          = {https://qiskit-community.github.io/qiskit-optimization/apidocs/qiskit_optimization.html},
  note         = {Accessed: 2025-03-23}
}

@misc{Qiskit_Algorithms_API,
  author       = {{Qiskit Algorithms Development Team}},
  title        = {Qiskit Algorithms API Reference},
  year         = {2025},
  url          = {https://qiskit-community.github.io/qiskit-algorithms/apidocs/qiskit_algorithms.html#},
  note         = {Accessed: 2025-03-23}
}

@misc{fidelity_bear_bull,
  author       = {{Fidelity Investments}},
  title        = {Bear vs. Bull Markets: Whatâ€™s the Difference?},
  year         = {2024},
  url          = {https://www.fidelity.com/learning-center/smart-money/bear-vs-bull-market},
  note         = {Accessed: 2025-07-15}
}

@misc{ahmed2002optimization,
  author       = {Shabbir Ahmed},
  title        = {The Optimization Process: An Example of Portfolio Optimization},
  year         = {2002},
  note         = {Lecture notes, ISyE 6669: Deterministic Optimization, Georgia Institute of Technology, Fall 2002}
}
